@book{gardner2002,
 author = {William G. Gardner, Kahrs, Mark and Brandenburg, Karlheinz},
 title = {Applications of Digital Signal Processing to Audio and Acoustics},
 pages = {85--131},
 year = {2013},
 isbn = {1475783868, 9781475783865},
 publisher = {Springer Publishing Company, Incorporated},
} 
